@misc{kile,
howpublished={\url{http://kile.sourceforge.net/}}
}

@misc{latex-project,
howpublished={\url{http://www.latex-project.org/}}
}


@misc{miktex,
howpublished={\url{http://miktex.org/}}
}

@misc{winedt,
howpublished={\url{http://www.winedt.com/}}
}

@misc{lyx,
howpublished={\url{http://wiki.lyx.org/Windows/Windows}}
}

@misc{led,
howpublished={\url{http://www.latexeditor.org/}}
}

@misc{paut-kalam,
howpublished={\url{http://ftp.de.debian.org/debian/pool/main/a/alqalam/alqalam_0.2.orig.tar.gz}}
}

@misc{paut-arab,
howpublished={\url{http://www.win.tue.nl/~aeb/natlang/arabic/arabtex-verb-doc.html}}
}
