@misc{kile,
howpublished={\url{http://kile.sourceforge.net/}}
}

@misc{latex-project,
howpublished={\url{http://www.latex-project.org/}}
}


@misc{miktex,
howpublished={\url{http://miktex.org/}}
}

@misc{winedt,
howpublished={\url{http://www.winedt.com/}}
}


@misc{lyx,
howpublished={\url{http://wiki.lyx.org/Windows/Windows}}
}

@misc{led,
howpublished={\url{http://www.latexeditor.org/}}
}
